@article{iac,
  title={코드형 인프라(IaC)란?},
  author={RedHat},
  journal={Red Hat, Inc.},
  pages={1},
  year={2022}
}

@article{puppet,
  title={시스템 설정 및 관리를 위한 자동화 도구 분석},
  author={조혜영 and 신승찬 and 염재근 and 함재균},
  journal={한국과학기술정보연구원},
  pages={7--21},
  year={2014}
}

@article{chef,
  title={IT 자동화 플랫폼 Ansible},
  author={김한기 and 유정록 and 이종숙},
  journal={한국과학기술정보연구원},
  pages={22--35},
  year={2014}
}


@article{ansible,
  title={Ansible: Up and Running: Automating configuration management and deployment the easy way},
  author={Hochstein, Lorin and Moser, Rene},
  journal={O'Reilly Media, Inc.},
  pages={2--10},
  year={2017}
}

@article{difference,
  title={Chef Vs Puppet Vs Ansible – Comparison of DevOps Configuration Management Tools},
  author={Veritis},
  journal={Veritis Group Inc.},
  pages={1}
}
@article{iac,
  title={Chef Vs Puppet Vs Ansible – Comparison of DevOps Configuration Management Tools},
  author={Veritis},
  journal={Veritis Group Inc.},
  pages={1}
}



